% Preface all labels with your initials, as in the example below.

@article{CFK:Lawson1969,
	author = {{Lawson, J.}},
	title = {Generalized {R}unge-{K}utta processes for stable systems with large {L}ipschitz constants},
	journal = {SIAM J. Numer. Anal.},
	volume = {4},
	year =  {1969},
	doi = {10.1137/0704033},
	pages = {509-522},
	}
	
@InProceedings{CFK:Minchev2006,
              doi = {10.1007/11666806_43},
              author={Minchev, B.},
              editor={{Lirkov, I.} and {Margenov, S.} and {Wa{\'{s}}niewski, J.}},
              title={Integrating Factor Methods as Exponential Integrators},
              booktitle={Large-Scale Scientific Computing},
              year={2006},
              publisher={Springer Berlin Heidelberg},
              address={Berlin, Heidelberg},
              pages={380-386},
              }

@article{CFK:Isherwood2018,
	author = {{Isherwood, L.} and {Grant, Z.} and {Gottlieb, S.}},
	title = {Strong Stability Preserving Integrating Factor {R}unge-{K}utta Methods},
	journal = {SIAM J. Numer. Anal.},
	volume = {56},
	year =  {2018},
	doi = {10.1137/0704033},
	pages = {3276-3307},
	}

@article{CFK:Rainwater2014,
	author = {{Rainwater, G.} and {Tokman, M.}},
	title = {A new class of split exponential propagation iterative methods of {R}ungeâ€“{K}utta type ({sEPIRK}) for semilinear systems of {ODEs}},
	journal = {J. Comput. Phys.},
	volume = {269},
	year =  {2014},
	doi = {10.1016/j.jcp.2014.03.012},
	pages = {40-60},
	}
	
@Article{CFK:Narayanamurthi2019,
        author={{Narayanamurthi, Mahesh} and {Tranquilli, Paul} and {Sandu, Adrian} and {Tokman, Mayya}},
        title={EPIRK-W and EPIRK-K time discretization methods},
        journal={Journal of Scientific Computing},
        year={2019},
        volume={78},
        pages={167-201},
        doi={10.1007/s10915-018-0761-3},
        url={https://doi.org/10.1007/s10915-018-0761-3}
        }


@article{CFK:Parlett1976,
        title = {A recurrence among the elements of functions of triangular matrices},
        journal = {Linear Algebra and its Applications},
        volume = {14},
        number = {2},
        pages = {117 - 121},
        year = {1976},
        issn = {0024-3795},
        doi = {https://doi.org/10.1016/0024-3795(76)90018-5},
        url = {http://www.sciencedirect.com/science/article/pii/0024379576900185},
        author = {B.N. Parlett},
        }

@article{CFK:Moler2003,
        author = {Moler, C. and Van Loan, C.},
        title = {Nineteen Dubious Ways to Compute the Exponential of a Matrix, Twenty-Five Years Later},
        journal = {SIAM Review},
        volume = {45},
        number = {1},
        pages = {3-49},
        year = {2003},
        doi = {10.1137/S00361445024180},
        URL = {https://doi.org/10.1137/S00361445024180},
        eprint = {https://doi.org/10.1137/S00361445024180}
        }


@article{CFK:Higham2005,
        author = {Higham, N.},
        title = {The Scaling and Squaring Method for the Matrix Exponential Revisited},
        journal = {SIAM Journal on Matrix Analysis and Applications},
        volume = {26},
        number = {4},
        pages = {1179-1193},
        year = {2005},
        doi = {10.1137/04061101X},
        URL = {https://doi.org/10.1137/04061101X},
        eprint = {https://doi.org/10.1137/04061101X}
        }

@article{CFK:Al-Mohy2009,
        author = {Al-Mohy, Awad and Higham, Nicholas},
        year = {2009},
        month = {01},
        pages = {},
        title = {A New Scaling and Squaring Algorithm for the Matrix Exponential},
        volume = {31},
        journal = {SIAM Journal on Matrix Analysis and Applications},
        doi = {10.1137/09074721X}
        }

@article{CFK:Caliari2009,
        title = {Implementation of exponential Rosenbrock-type integrators},
        journal = {Applied Numerical Mathematics},
        volume = {59},
        number = {3},
        pages = {568 - 581},
        year = {2009},
        note = {Selected Papers from NUMDIFF-11},
        issn = {0168-9274},
        doi = {https://doi.org/10.1016/j.apnum.2008.03.021},
        url = {http://www.sciencedirect.com/science/article/pii/S0168927408000470},
        author = {Marco Caliari and Alexander Ostermann},
        keywords = {Exponential integrators, Rosenbrock-type methods, Real Leja points, Newton interpolation, Parabolic evolution equations, Implementation of matrix functions}
        }

@article{CFK:Yamada2014,
        title = {A numerical test of Pad\'e approximation for some functions with singularity},
        journal = {International Journal of Computational Mathematics},
        year = {2014},
        doi = {https://doi.org/10.1155/2014/587430},
        author = {Hiroaki Yamada and Kensuke Ikeda}
        }

@article{CFK:Guerra2016,
        author = {{Guerra, J.} and {Ullrich, P.}},
        title = {A high-order staggered finite-element vertical discretization for non-hydrostatic atmospheric models},
        journal={ Geosci. Model Dev.},
        volume = {9},
        pages = {2007-2029},
        year = {2016},
        doi = {10.5194/gmd-9-2007-2016}}

@article{CFK:preprint,
        author = {{Taylor, M.} and {Guba, O.} and {Steyer, A.} and {Ullrich, P.} and {Hall, D.} and Eldred, C.},
        title = {An energy consistent discretization of the nonhydrostatic equations in primitive variables},
        year = {2019},
        journal = {Preprint}}

@article{CFK:Steyer2019,
  title={Efficient IMEX Runge-Kutta methods for nonhydrostatic dynamics},
  author={Steyer, Andrew and Vogl, Christopher J and Taylor, Mark and Guba, Oksana},
  journal={arXiv preprint arXiv:1906.07219},
  year={2019}}


@article{CFK:Vogl2019,
  title={Evaluation of Implicit-Explicit Additive Runge-Kutta Integrators for the HOMME-NH Dynamical Core},
  author={Vogl, Christopher J and Steyer, Andrew and Reynolds, Daniel R and Ullrich, Paul A and Woodward, Carol S},
  journal={arXiv preprint arXiv:1904.10115},
  year={2019}
}

@article{CFK:Clancy2013,
author = {Colm Clancy and Janusz A. Pudykiewicz},
title = {On the use of exponential time integration methods in atmospheric models},
journal = {Tellus A: Dynamic Meteorology and Oceanography},
volume = {65},
number = {1},
pages = {20898},
year  = {2013},
publisher = {Taylor & Francis},
doi = {10.3402/tellusa.v65i0.20898},
URL = {https://doi.org/10.3402/tellusa.v65i0.20898},
eprint = {https://doi.org/10.3402/tellusa.v65i0.20898}}

@article{CFK:Garcia2014,
  title={Exponential versus IMEX high-order time integrators for thermal convection in rotating spherical shells},
  author={Garcia, Ferran and Bonaventura, Luca and Net, Marta and S{\'a}nchez, Juan},
  journal={Journal of Computational Physics},
  volume={264},
  pages={41--54},
  year={2014},
  publisher={Elsevier}
}

